@Book{droege2018urban,
  title = {Urban energy transition: Renewable strategies for cities and regions},
  author = {Peter Droege},
  year = {2018},
  publisher = {Elsevier},
  url = {https://books-scholarsportal-info.myaccess.library.utoronto.ca/en/read?id=/ebooks/ebooks0/elsevier/2009-12-02/1/9780080453415}
}
  
  
@article{hong2016occupant,
  title = {Advances in Research and Applications of Energy-Related Occupant Behavior in Buildings},
  author = {Tianzhen Hong and Sarah C. Taylor-Lange and Simona D'Oca and Da Yan and Stefano P. Corgnati},
  journal = {Energy and Buildings},
  volume = {116},
  pages = {694--702},
  year = {2016},
  doi = {10.1016/j.enbuild.2015.11.052}
}

  
@article{li2009managing,
  title = {Managing Energy Consumption in China's Large Public Buildings: Policy Challenges and Opportunities},
  author = {Jun Li and Michel Colombier},
  journal = {Energy Policy},
  volume = {90},
  number = {8},
  pages = {2436–2447},
  year = {2009},
  doi = {10.1016/j.jenvman.2008.12.015}
}

  
@article{scott2008impact,
  title = {The impact of DOE building technology energy efficiency programs on U.S. employment, income, and investment},
  author = {Scott, Michael J. and Roop, Joseph M. and Schultz, Robert W. and Anderson, David M. and Cort, Katherine A.},
  journal = {Energy Economics},
  volume = {30},
  number = {5},
  pages = {2283--2301},
  year = {2008},
  doi = {10.1016/j.eneco.2007.09.001}
}


@Manual{palmerpenguins,
    title = {palmerpenguins: Palmer Archipelago (Antarctica) penguin data},
    author = {Allison Marie Horst and Alison Presmanes Hill and Kristen B Gorman},
    year = {2020},
    note = {R package version 0.1.0},
    doi = {10.5281/zenodo.3960218},
    url = {https://allisonhorst.github.io/palmerpenguins/},
  }
  
  
@Article{rohan,
    title = {Welcome to the {tidyverse}},
    author = {Hadley Wickham and Mara Averick and Jennifer Bryan and Winston Chang and Lucy D'Agostino McGowan and Romain François and Garrett Grolemund and Alex Hayes and Lionel Henry and Jim Hester and Max Kuhn and Thomas Lin Pedersen and Evan Miller and Stephan Milton Bache and Kirill Müller and Jeroen Ooms and David Robinson and Dana Paige Seidel and Vitalie Spinu and Kohske Takahashi and Davis Vaughan and Claus Wilke and Kara Woo and Hiroaki Yutani},
    year = {2019},
    journal = {Journal of Open Source Software},
    volume = {4},
    number = {43},
    pages = {1686},
    doi = {10.21105/joss.01686},
  }  
  


  